@misc{lowe2017multiagent,
    title={Multi-Agent Actor-Critic for Mixed Cooperative-Competitive Environments},
    author={Ryan Lowe and Yi Wu and Aviv Tamar and Jean Harb and Pieter Abbeel and Igor Mordatch},
    year={2017},
    eprint={1706.02275},
    archivePrefix={arXiv},
    primaryClass={cs.LG}
}

@misc{mnih2013playing,
    title={Playing Atari with Deep Reinforcement Learning},
    author={Volodymyr Mnih and Koray Kavukcuoglu and David Silver and Alex Graves and Ioannis Antonoglou and Daan Wierstra and Martin Riedmiller},
    year={2013},
    eprint={1312.5602},
    archivePrefix={arXiv},
    primaryClass={cs.LG}
}

@book{Sutton1998,
  added-at = {2018-09-18T19:21:39.000+0200},
  author = {Sutton, Richard S. and Barto, Andrew G.},
  biburl = {https://www.bibsonomy.org/bibtex/2f46601cf8b13d39d1378af0d79438b12/analyst},
  edition = {Second},
  interhash = {ac6b144aaec1819919a2fba9f705c852},
  intrahash = {f46601cf8b13d39d1378af0d79438b12},
  keywords = {2018 book reference reinforcement-learning},
  publisher = {The MIT Press},
  timestamp = {2018-09-18T19:22:02.000+0200},
  title = {Reinforcement Learning: An Introduction},
  url = {http://incompleteideas.net/book/the-book-2nd.html},
  year = {2018 }
}

@misc{lillicrap2015continuous,
    title={Continuous control with deep reinforcement learning},
    author={Timothy P. Lillicrap and Jonathan J. Hunt and Alexander Pritzel and Nicolas Heess and Tom Erez and Yuval Tassa and David Silver and Daan Wierstra},
    year={2015},
    eprint={1509.02971},
    archivePrefix={arXiv},
    primaryClass={cs.LG}
}

@inproceedings{silver2014deterministic,
  title={Deterministic policy gradient algorithms},
  author={Silver, David and Lever, Guy and Heess, Nicolas and Degris, Thomas and Wierstra, Daan and Riedmiller, Martin},
  booktitle={ICML},
  year={2014}
}

@article{laurent2011world,
  title={The world of independent learners is not Markovian},
  author={Laurent, Guillaume J and Matignon, La{\"e}titia and Fort-Piat, Le and others},
  journal={International Journal of Knowledge-based and Intelligent Engineering Systems},
  volume={15},
  number={1},
  pages={55--64},
  year={2011},
  publisher={IOS Press}
}

@article{jang2016categorical,
  title={Categorical reparameterization with gumbel-softmax},
  author={Jang, Eric and Gu, Shixiang and Poole, Ben},
  journal={arXiv preprint arXiv:1611.01144},
  year={2016}
}

@misc{alphastarblog,
  title="{AlphaStar: Mastering the Real-Time Strategy Game StarCraft II}",
  author={Vinyals, Oriol and Babuschkin, Igor and Chung, Junyoung and Mathieu, Michael and Jaderberg, Max and Czarnecki, Wojciech M. and Dudzik, Andrew and Huang, Aja and Georgiev, Petko and Powell, Richard and Ewalds, Timo and Horgan, Dan and Kroiss, Manuel and Danihelka, Ivo and Agapiou, John and Oh, Junhyuk and Dalibard, Valentin and Choi, David and Sifre, Laurent and Sulsky, Yury and Vezhnevets, Sasha and Molloy, James and Cai, Trevor and Budden, David and Paine, Tom and Gulcehre, Caglar and Wang, Ziyu and Pfaff, Tobias and Pohlen, Toby and Wu, Yuhuai and Yogatama, Dani and Cohen, Julia and McKinney, Katrina and Smith, Oliver and Schaul, Tom and Lillicrap, Timothy and Apps, Chris and Kavukcuoglu, Koray and Hassabis, Demis and Silver, David},
  howpublished={\url{https://deepmind.com/blog/alphastar-mastering-real-time-strategy-game-starcraft-ii/}},
  year={2019}
}

@article{hwangbo2017control,
  title={Control of a quadrotor with reinforcement learning},
  author={Hwangbo, Jemin and Sa, Inkyu and Siegwart, Roland and Hutter, Marco},
  journal={IEEE Robotics and Automation Letters},
  volume={2},
  number={4},
  pages={2096--2103},
  year={2017},
  publisher={IEEE}
}

@article{lideep,
  title={Deep Reinforcement Learning in Continuous Multi Agent Environments},
  author={Li, Ang and Kuchnik, Michael and Luo, Yixin and Sawhney, Rohan}
}